<collection xmlns="http://www.loc.gov/MARC21/slim">
<record>
  <leader>01692nam0a2200289 i 450 </leader>
  <controlfield tag="001">IT\ICCU\CNCE\058557</controlfield>
  <controlfield tag="005">20120419000000.0</controlfield>
  <datafield tag="012" ind1=" " ind2=" ">
    <subfield code="a">m-ac sico o-i- taM. (C) 1572 (Q)</subfield>
    <subfield code="2">fei</subfield>
  </datafield>
  <datafield tag="100" ind1=" " ind2=" ">
    <subfield code="a">20040614f1572        0itac0103    ba</subfield>
  </datafield>
  <datafield tag="101" ind1=" " ind2=" ">
    <subfield code="a">ITA</subfield>
    <subfield code="a">LAT</subfield>
  </datafield>
  <datafield tag="102" ind1=" " ind2=" ">
    <subfield code="a">IT</subfield>
  </datafield>
  <datafield tag="200" ind1="1" ind2=" ">
    <subfield code="a">℗Le ℗solennissime essequie fatte nella citta di Tiuoli. Nella morte del illustrissimo et reuerendissimo monsignor Hippolyto Estense cardinal Ferara con tutte le cerimonie funebre che in dette essequie conuenirno nel accompagnar detto corpo alla sepoltura.Ioannis Francisci Ferrarii In mortem Hyppolyti card. Ferrariensis. Carmen ad illustrissimum, &amp; reuerendissimum d. Aloysium Estensem card. amplissimum</subfield>
  </datafield>
  <datafield tag="210" ind1=" " ind2=" ">
    <subfield code="a">In Roma</subfield>
    <subfield code="c">per Giouanni Osmarino Gigliotto</subfield>
    <subfield code="c">ad instanza di m. Giouan Maria Zappi da Tiuoli</subfield>
    <subfield code="d">\1572?!</subfield>
  </datafield>
  <datafield tag="215" ind1=" " ind2=" ">
    <subfield code="a">\4! c.</subfield>
    <subfield code="d">4ʻ</subfield>
  </datafield>
  <datafield tag="300" ind1=" " ind2=" ">
    <subfield code="a">La data si ricava dal testo</subfield>
  </datafield>
  <datafield tag="620" ind1=" " ind2=" ">
    <subfield code="a">IT</subfield>
    <subfield code="d">Roma</subfield>
  </datafield>
  <datafield tag="700" ind1=" " ind2="1">
    <subfield code="a">Ferrari,</subfield>
    <subfield code="b">Giovanni Francesco</subfield>
    <subfield code="c"> &lt;poeta&gt;</subfield>
    <subfield code="3">IT\ICCU\CNCA\005325</subfield>
  </datafield>
  <datafield tag="712" ind1="0" ind2="0">
    <subfield code="a">Gigliotti, Giovanni</subfield>
    <subfield code="3">IT\ICCU\CNCT\000349</subfield>
    <subfield code="4">650</subfield>
  </datafield>
  <datafield tag="712" ind1="0" ind2="0">
    <subfield code="a">Zappi, Giovanni Maria</subfield>
    <subfield code="3">IT\ICCU\CNCT\005928</subfield>
    <subfield code="4">650</subfield>
  </datafield>
  <datafield tag="790" ind1=" " ind2="1">
    <subfield code="a">Ferrarius,</subfield>
    <subfield code="b">Ioannes Franciscus</subfield>
    <subfield code="c"> &lt;poeta&gt;</subfield>
    <subfield code="3">IT\ICCU\CNCA\019585</subfield>
    <subfield code="z">Ferrari, Giovanni Francesco &lt;poeta&gt;</subfield>
  </datafield>
  <datafield tag="791" ind1="0" ind2="0">
    <subfield code="a">Osmarino, Giovanni</subfield>
    <subfield code="3">IT\ICCU\CNCT\002812</subfield>
    <subfield code="z">Gigliotti, Giovanni</subfield>
  </datafield>
  <datafield tag="791" ind1="0" ind2="0">
    <subfield code="a">Liliotus, Ioannes</subfield>
    <subfield code="3">IT\ICCU\CNCT\003841</subfield>
    <subfield code="z">Gigliotti, Giovanni</subfield>
  </datafield>
  <datafield tag="791" ind1="0" ind2="0">
    <subfield code="a">Osmarinus, Ioannes</subfield>
    <subfield code="3">IT\ICCU\CNCT\004878</subfield>
    <subfield code="z">Gigliotti, Giovanni</subfield>
  </datafield>
  <datafield tag="791" ind1="0" ind2="0">
    <subfield code="a">Gigliotto, Giovanni</subfield>
    <subfield code="3">IT\ICCU\CNCT\004880</subfield>
    <subfield code="z">Gigliotti, Giovanni</subfield>
  </datafield>
  <datafield tag="801" ind1=" " ind2="3">
    <subfield code="a">IT</subfield>
    <subfield code="b">ICCU</subfield>
    <subfield code="c">20201115</subfield>
  </datafield>
  <datafield tag="899" ind1=" " ind2=" ">
    <subfield code="a">Biblioteca comunale Augusta. Perugia</subfield>
    <subfield code="1">PG0109</subfield>
    <subfield code="2">UM1 01</subfield>
  </datafield>
  <datafield tag="899" ind1=" " ind2=" ">
    <subfield code="a">Biblioteca della Citt ̉Metropolitana di Roma Capitale. Roma</subfield>
    <subfield code="1">RM1233</subfield>
    <subfield code="2">RMS RP</subfield>
  </datafield>
</record>
</collection>
